@misc{invest,
	author = "Investopedia",
	title = "\textbf{Micropayments {D}efinition}",
	note = "Acesso em 27 de ago.2017",
	howpublished = "Dispon\'ivel em:  \url{https://www.investopedia.com/terms/m/micropayment.asp/}"
}

@misc{microp,
	author = "HERNANDEZ-VERME, Paula L. and .BENAVIDES, Ruy A. Valdes",
	title = "\textbf{Virtual currencies, micropaymentes and the payments systems: a challenge to fiat money and monetary policy?}",
	note = "Acesso em 9 de ago.2017",
	howpublished = "Dispon\'ivel em: \url{http://eujournal.org/index.php/esj/article/download/1264/1273}"
}

@misc{stanford,
	author = "KAUFMAN, Stacy and RAMANI, Abhinav and LUCIANO, Dave and ZOU, Long and FOSCO, James",
	title = "\textbf{Micropayments: {A} {V}iable {B}usiness {M}odel?}",
	note = "Acesso em 10 de ago.2017",
	howpublished = "Dispon\'ivel em: \url{http://cs.stanford.edu/people/eroberts/cs201/projects/2010-11/MicropaymentsAndTheNet/}"
}

@misc{anddev,
	author = "Android Developers",
	title = "\textbf{Getting {S}tarted}",
	note = "Acesso em 21 de ago.2017",
	howpublished = "Dispon\'ivel em: \url{https://developer.android.com/training/index.html}"
}

@book{andppe,
	author = "MEW, Kyle",
	title = "\textbf{Android 5 Programming by Example}",
	year = "2015",
	publisher = "Packt Publishing Ltd.",
	ISBN = "978-1-78528-844-9"
}

@misc{material,
	author = "Google",
	title = "Material {D}esgin",
	note = "Primeiro acesso em 10 de set.2017",
	howpublished = "Dispon\'ivel em: \url{https://material.io/}",
}

@misc{materialicon,
	author = "Google",
	title = "Material {I}cons - {M}aterial {D}esgin",
	note = "Primeiro acesso em 12 de set.2017",
	howpublished = "Dispon\'ivel em: \url{https://material.io/icons/}",
}

@misc{materialiconguide,
	author = "Google",
	title = "Icons - {S}tyle - {M}aterial {D}esgin",
	note = "Primeiro acesso em 12 de set.2017",
	howpublished = "Dispon\'ivel em: \url{https://material.io/guidelines/style/icons.html#icons-system-icons}",
}

@misc{materialcolors,
	author = "Google",
	title = "{C}olors - {S}tyle - {M}aterial {D}esgin ",
	note = "Primeiro acesso em 15 de set.2017",
	howpublished = "Dispon\'ivel em: \url{https://material.io/guidelines/style/color.html}",
}

@misc{materialcolorpallete,
	author = "Google",
	title = "{C}olor {T}ool - {M}aterial {D}esgin ",
	note = "Primeiro acesso em 15 de set.2017",
	howpublished = "Dispon\'ivel em: \url{https://material.io/color/}",
}

@misc{androidhw,
	author = "Google",
	title = "Building {Y}our {F}irst {A}pp",
	note = "Primeiro acesso em 21 de ago.2017",
	howpublished = "Dispon\'ivel em: \url{https://developer.android.com/training/basics/firstapp/index.html}",
}

@misc{kotlin:and_adopot,
	author = "CLERON, Mike",
	title = "Android {A}nnounces {S}upport for {K}otlin ",
	note = "Primeiro acesso em 4 de nov.2017",
	howpublished = "Dispon\'ivel em: \url{https://android-developers.googleblog.com/2017/05/android-announces-support-for-kotlin.html}",
}

@misc{kotlin:wired,
	author = "FINLEY, Klint",
	title = "Kotlin: the {U}pstart {C}oding {L}anguage {C}onquering {S}ilicon {V}alley",
	note = "Primeiro acesso em 4 de nov.2017",
	howpublished = "Dispon\'ivel em: \url{https://www.wired.com/story/kotlin-the-upstart-coding-language-conquering-silicon-valley/}",
}